%YAML 1.1
%TAG !u! tag:unity3d.com,2011:
--- !u!1 &2069908000820792205
GameObject:
  m_ObjectHideFlags: 0
  m_CorrespondingSourceObject: {fileID: 0}
  m_PrefabInstance: {fileID: 0}
  m_PrefabAsset: {fileID: 0}
  serializedVersion: 6
  m_Component:
  - component: {fileID: 2069908000820792194}
  m_Layer: 0
  m_Name: Layout_04
  m_TagString: Untagged
  m_Icon: {fileID: 0}
  m_NavMeshLayer: 0
  m_StaticEditorFlags: 0
  m_IsActive: 1
--- !u!4 &2069908000820792194
Transform:
  m_ObjectHideFlags: 0
  m_CorrespondingSourceObject: {fileID: 0}
  m_PrefabInstance: {fileID: 0}
  m_PrefabAsset: {fileID: 0}
  m_GameObject: {fileID: 2069908000820792205}
  m_LocalRotation: {x: 0, y: 0, z: 0, w: 1}
  m_LocalPosition: {x: 0, y: 0, z: 0}
  m_LocalScale: {x: 1, y: 1, z: 1}
  m_Children:
  - {fileID: 6116671929149601367}
  - {fileID: 2495247744767238954}
  - {fileID: 2007737885327856245}
  - {fileID: 3577294951492137599}
  - {fileID: 3577294951179256123}
  - {fileID: 3577294952111146846}
  - {fileID: 1516145994167332719}
  m_Father: {fileID: 0}
  m_RootOrder: 0
  m_LocalEulerAnglesHint: {x: 0, y: 0, z: 0}
--- !u!1001 &2069908000486028228
PrefabInstance:
  m_ObjectHideFlags: 0
  serializedVersion: 2
  m_Modification:
    m_TransformParent: {fileID: 2069908000820792194}
    m_Modifications:
    - target: {fileID: 5213764198833964435, guid: 275438620bdf08344b355fac6226bd69,
        type: 3}
      propertyPath: m_LocalPosition.x
      value: 2.7
      objectReference: {fileID: 0}
    - target: {fileID: 5213764198833964435, guid: 275438620bdf08344b355fac6226bd69,
        type: 3}
      propertyPath: m_LocalPosition.y
      value: -1.38
      objectReference: {fileID: 0}
    - target: {fileID: 5213764198833964435, guid: 275438620bdf08344b355fac6226bd69,
        type: 3}
      propertyPath: m_LocalPosition.z
      value: 0
      objectReference: {fileID: 0}
    - target: {fileID: 5213764198833964435, guid: 275438620bdf08344b355fac6226bd69,
        type: 3}
      propertyPath: m_LocalRotation.x
      value: -0
      objectReference: {fileID: 0}
    - target: {fileID: 5213764198833964435, guid: 275438620bdf08344b355fac6226bd69,
        type: 3}
      propertyPath: m_LocalRotation.y
      value: -0
      objectReference: {fileID: 0}
    - target: {fileID: 5213764198833964435, guid: 275438620bdf08344b355fac6226bd69,
        type: 3}
      propertyPath: m_LocalRotation.z
      value: -0
      objectReference: {fileID: 0}
    - target: {fileID: 5213764198833964435, guid: 275438620bdf08344b355fac6226bd69,
        type: 3}
      propertyPath: m_LocalRotation.w
      value: 1
      objectReference: {fileID: 0}
    - target: {fileID: 5213764198833964435, guid: 275438620bdf08344b355fac6226bd69,
        type: 3}
      propertyPath: m_RootOrder
      value: 0
      objectReference: {fileID: 0}
    - target: {fileID: 5213764198833964435, guid: 275438620bdf08344b355fac6226bd69,
        type: 3}
      propertyPath: m_LocalEulerAnglesHint.x
      value: 0
      objectReference: {fileID: 0}
    - target: {fileID: 5213764198833964435, guid: 275438620bdf08344b355fac6226bd69,
        type: 3}
      propertyPath: m_LocalEulerAnglesHint.y
      value: 0
      objectReference: {fileID: 0}
    - target: {fileID: 5213764198833964435, guid: 275438620bdf08344b355fac6226bd69,
        type: 3}
      propertyPath: m_LocalEulerAnglesHint.z
      value: 0
      objectReference: {fileID: 0}
    - target: {fileID: 7501957626256939596, guid: 275438620bdf08344b355fac6226bd69,
        type: 3}
      propertyPath: m_Name
      value: WinPrefab
      objectReference: {fileID: 0}
    m_RemovedComponents: []
  m_SourcePrefab: {fileID: 100100000, guid: 275438620bdf08344b355fac6226bd69, type: 3}
--- !u!4 &6116671929149601367 stripped
Transform:
  m_CorrespondingSourceObject: {fileID: 5213764198833964435, guid: 275438620bdf08344b355fac6226bd69,
    type: 3}
  m_PrefabInstance: {fileID: 2069908000486028228}
  m_PrefabAsset: {fileID: 0}
--- !u!1001 &2069908000575278335
PrefabInstance:
  m_ObjectHideFlags: 0
  serializedVersion: 2
  m_Modification:
    m_TransformParent: {fileID: 2069908000820792194}
    m_Modifications:
    - target: {fileID: 532217472002737378, guid: ba256ba275a7bb5419e85c9806827d22,
        type: 3}
      propertyPath: m_Name
      value: block_3
      objectReference: {fileID: 0}
    - target: {fileID: 699083664822035344, guid: ba256ba275a7bb5419e85c9806827d22,
        type: 3}
      propertyPath: m_LocalPosition.x
      value: 1.5253088
      objectReference: {fileID: 0}
    - target: {fileID: 699083664822035344, guid: ba256ba275a7bb5419e85c9806827d22,
        type: 3}
      propertyPath: m_LocalPosition.y
      value: -3.6337118
      objectReference: {fileID: 0}
    - target: {fileID: 699083664822035344, guid: ba256ba275a7bb5419e85c9806827d22,
        type: 3}
      propertyPath: m_LocalPosition.z
      value: 0
      objectReference: {fileID: 0}
    - target: {fileID: 699083664822035344, guid: ba256ba275a7bb5419e85c9806827d22,
        type: 3}
      propertyPath: m_LocalRotation.x
      value: -0
      objectReference: {fileID: 0}
    - target: {fileID: 699083664822035344, guid: ba256ba275a7bb5419e85c9806827d22,
        type: 3}
      propertyPath: m_LocalRotation.y
      value: -0
      objectReference: {fileID: 0}
    - target: {fileID: 699083664822035344, guid: ba256ba275a7bb5419e85c9806827d22,
        type: 3}
      propertyPath: m_LocalRotation.z
      value: -0
      objectReference: {fileID: 0}
    - target: {fileID: 699083664822035344, guid: ba256ba275a7bb5419e85c9806827d22,
        type: 3}
      propertyPath: m_LocalRotation.w
      value: 1
      objectReference: {fileID: 0}
    - target: {fileID: 699083664822035344, guid: ba256ba275a7bb5419e85c9806827d22,
        type: 3}
      propertyPath: m_RootOrder
      value: 6
      objectReference: {fileID: 0}
    - target: {fileID: 699083664822035344, guid: ba256ba275a7bb5419e85c9806827d22,
        type: 3}
      propertyPath: m_LocalEulerAnglesHint.x
      value: 0
      objectReference: {fileID: 0}
    - target: {fileID: 699083664822035344, guid: ba256ba275a7bb5419e85c9806827d22,
        type: 3}
      propertyPath: m_LocalEulerAnglesHint.y
      value: 0
      objectReference: {fileID: 0}
    - target: {fileID: 699083664822035344, guid: ba256ba275a7bb5419e85c9806827d22,
        type: 3}
      propertyPath: m_LocalEulerAnglesHint.z
      value: 0
      objectReference: {fileID: 0}
    - target: {fileID: 9144188498129094178, guid: ba256ba275a7bb5419e85c9806827d22,
        type: 3}
      propertyPath: startBroken
      value: 0
      objectReference: {fileID: 0}
    m_RemovedComponents: []
  m_SourcePrefab: {fileID: 100100000, guid: ba256ba275a7bb5419e85c9806827d22, type: 3}
--- !u!4 &1516145994167332719 stripped
Transform:
  m_CorrespondingSourceObject: {fileID: 699083664822035344, guid: ba256ba275a7bb5419e85c9806827d22,
    type: 3}
  m_PrefabInstance: {fileID: 2069908000575278335}
  m_PrefabAsset: {fileID: 0}
--- !u!1001 &2069908000583594144
PrefabInstance:
  m_ObjectHideFlags: 0
  serializedVersion: 2
  m_Modification:
    m_TransformParent: {fileID: 2069908000820792194}
    m_Modifications:
    - target: {fileID: 962535356749719585, guid: 686b43e2a2333af42aa92d8aa6ea187f,
        type: 3}
      propertyPath: m_Name
      value: block_1
      objectReference: {fileID: 0}
    - target: {fileID: 3250702357241280510, guid: 686b43e2a2333af42aa92d8aa6ea187f,
        type: 3}
      propertyPath: m_LocalPosition.x
      value: -1.0403508
      objectReference: {fileID: 0}
    - target: {fileID: 3250702357241280510, guid: 686b43e2a2333af42aa92d8aa6ea187f,
        type: 3}
      propertyPath: m_LocalPosition.y
      value: -4.508368
      objectReference: {fileID: 0}
    - target: {fileID: 3250702357241280510, guid: 686b43e2a2333af42aa92d8aa6ea187f,
        type: 3}
      propertyPath: m_LocalPosition.z
      value: 0
      objectReference: {fileID: 0}
    - target: {fileID: 3250702357241280510, guid: 686b43e2a2333af42aa92d8aa6ea187f,
        type: 3}
      propertyPath: m_LocalRotation.x
      value: -0
      objectReference: {fileID: 0}
    - target: {fileID: 3250702357241280510, guid: 686b43e2a2333af42aa92d8aa6ea187f,
        type: 3}
      propertyPath: m_LocalRotation.y
      value: -0
      objectReference: {fileID: 0}
    - target: {fileID: 3250702357241280510, guid: 686b43e2a2333af42aa92d8aa6ea187f,
        type: 3}
      propertyPath: m_LocalRotation.z
      value: -0
      objectReference: {fileID: 0}
    - target: {fileID: 3250702357241280510, guid: 686b43e2a2333af42aa92d8aa6ea187f,
        type: 3}
      propertyPath: m_LocalRotation.w
      value: 1
      objectReference: {fileID: 0}
    - target: {fileID: 3250702357241280510, guid: 686b43e2a2333af42aa92d8aa6ea187f,
        type: 3}
      propertyPath: m_RootOrder
      value: 5
      objectReference: {fileID: 0}
    - target: {fileID: 3250702357241280510, guid: 686b43e2a2333af42aa92d8aa6ea187f,
        type: 3}
      propertyPath: m_LocalEulerAnglesHint.x
      value: 0
      objectReference: {fileID: 0}
    - target: {fileID: 3250702357241280510, guid: 686b43e2a2333af42aa92d8aa6ea187f,
        type: 3}
      propertyPath: m_LocalEulerAnglesHint.y
      value: 0
      objectReference: {fileID: 0}
    - target: {fileID: 3250702357241280510, guid: 686b43e2a2333af42aa92d8aa6ea187f,
        type: 3}
      propertyPath: m_LocalEulerAnglesHint.z
      value: 0
      objectReference: {fileID: 0}
    - target: {fileID: 5240751663591378465, guid: 686b43e2a2333af42aa92d8aa6ea187f,
        type: 3}
      propertyPath: startBroken
      value: 0
      objectReference: {fileID: 0}
    m_RemovedComponents: []
  m_SourcePrefab: {fileID: 100100000, guid: 686b43e2a2333af42aa92d8aa6ea187f, type: 3}
--- !u!4 &3577294952111146846 stripped
Transform:
  m_CorrespondingSourceObject: {fileID: 3250702357241280510, guid: 686b43e2a2333af42aa92d8aa6ea187f,
    type: 3}
  m_PrefabInstance: {fileID: 2069908000583594144}
  m_PrefabAsset: {fileID: 0}
--- !u!1001 &2069908000980776645
PrefabInstance:
  m_ObjectHideFlags: 0
  serializedVersion: 2
  m_Modification:
    m_TransformParent: {fileID: 2069908000820792194}
    m_Modifications:
    - target: {fileID: 962535356749719585, guid: 686b43e2a2333af42aa92d8aa6ea187f,
        type: 3}
      propertyPath: m_Name
      value: block_1 (1)
      objectReference: {fileID: 0}
    - target: {fileID: 962535356749719585, guid: 686b43e2a2333af42aa92d8aa6ea187f,
        type: 3}
      propertyPath: m_TagString
      value: ground
      objectReference: {fileID: 0}
    - target: {fileID: 3250702357241280510, guid: 686b43e2a2333af42aa92d8aa6ea187f,
        type: 3}
      propertyPath: m_LocalPosition.x
      value: -2.8
      objectReference: {fileID: 0}
    - target: {fileID: 3250702357241280510, guid: 686b43e2a2333af42aa92d8aa6ea187f,
        type: 3}
      propertyPath: m_LocalPosition.y
      value: -2.51
      objectReference: {fileID: 0}
    - target: {fileID: 3250702357241280510, guid: 686b43e2a2333af42aa92d8aa6ea187f,
        type: 3}
      propertyPath: m_LocalPosition.z
      value: 0
      objectReference: {fileID: 0}
    - target: {fileID: 3250702357241280510, guid: 686b43e2a2333af42aa92d8aa6ea187f,
        type: 3}
      propertyPath: m_LocalRotation.x
      value: -0
      objectReference: {fileID: 0}
    - target: {fileID: 3250702357241280510, guid: 686b43e2a2333af42aa92d8aa6ea187f,
        type: 3}
      propertyPath: m_LocalRotation.y
      value: -0
      objectReference: {fileID: 0}
    - target: {fileID: 3250702357241280510, guid: 686b43e2a2333af42aa92d8aa6ea187f,
        type: 3}
      propertyPath: m_LocalRotation.z
      value: -0
      objectReference: {fileID: 0}
    - target: {fileID: 3250702357241280510, guid: 686b43e2a2333af42aa92d8aa6ea187f,
        type: 3}
      propertyPath: m_LocalRotation.w
      value: 1
      objectReference: {fileID: 0}
    - target: {fileID: 3250702357241280510, guid: 686b43e2a2333af42aa92d8aa6ea187f,
        type: 3}
      propertyPath: m_RootOrder
      value: 4
      objectReference: {fileID: 0}
    - target: {fileID: 3250702357241280510, guid: 686b43e2a2333af42aa92d8aa6ea187f,
        type: 3}
      propertyPath: m_LocalEulerAnglesHint.x
      value: 0
      objectReference: {fileID: 0}
    - target: {fileID: 3250702357241280510, guid: 686b43e2a2333af42aa92d8aa6ea187f,
        type: 3}
      propertyPath: m_LocalEulerAnglesHint.y
      value: 0
      objectReference: {fileID: 0}
    - target: {fileID: 3250702357241280510, guid: 686b43e2a2333af42aa92d8aa6ea187f,
        type: 3}
      propertyPath: m_LocalEulerAnglesHint.z
      value: 0
      objectReference: {fileID: 0}
    - target: {fileID: 3250702357241280510, guid: 686b43e2a2333af42aa92d8aa6ea187f,
        type: 3}
      propertyPath: m_LocalScale.x
      value: 4.8125
      objectReference: {fileID: 0}
    - target: {fileID: 5240751663591378465, guid: 686b43e2a2333af42aa92d8aa6ea187f,
        type: 3}
      propertyPath: startBroken
      value: 0
      objectReference: {fileID: 0}
    - target: {fileID: 5240751663591378465, guid: 686b43e2a2333af42aa92d8aa6ea187f,
        type: 3}
      propertyPath: m_Enabled
      value: 0
      objectReference: {fileID: 0}
    m_RemovedComponents: []
  m_SourcePrefab: {fileID: 100100000, guid: 686b43e2a2333af42aa92d8aa6ea187f, type: 3}
--- !u!4 &3577294951179256123 stripped
Transform:
  m_CorrespondingSourceObject: {fileID: 3250702357241280510, guid: 686b43e2a2333af42aa92d8aa6ea187f,
    type: 3}
  m_PrefabInstance: {fileID: 2069908000980776645}
  m_PrefabAsset: {fileID: 0}
--- !u!1001 &2069908001071334785
PrefabInstance:
  m_ObjectHideFlags: 0
  serializedVersion: 2
  m_Modification:
    m_TransformParent: {fileID: 2069908000820792194}
    m_Modifications:
    - target: {fileID: 962535356749719585, guid: 686b43e2a2333af42aa92d8aa6ea187f,
        type: 3}
      propertyPath: m_Name
      value: block_1 (2)
      objectReference: {fileID: 0}
    - target: {fileID: 3250702357241280510, guid: 686b43e2a2333af42aa92d8aa6ea187f,
        type: 3}
      propertyPath: m_LocalPosition.x
      value: 0.21
      objectReference: {fileID: 0}
    - target: {fileID: 3250702357241280510, guid: 686b43e2a2333af42aa92d8aa6ea187f,
        type: 3}
      propertyPath: m_LocalPosition.y
      value: -1.01
      objectReference: {fileID: 0}
    - target: {fileID: 3250702357241280510, guid: 686b43e2a2333af42aa92d8aa6ea187f,
        type: 3}
      propertyPath: m_LocalPosition.z
      value: 0
      objectReference: {fileID: 0}
    - target: {fileID: 3250702357241280510, guid: 686b43e2a2333af42aa92d8aa6ea187f,
        type: 3}
      propertyPath: m_LocalRotation.x
      value: -0
      objectReference: {fileID: 0}
    - target: {fileID: 3250702357241280510, guid: 686b43e2a2333af42aa92d8aa6ea187f,
        type: 3}
      propertyPath: m_LocalRotation.y
      value: -0
      objectReference: {fileID: 0}
    - target: {fileID: 3250702357241280510, guid: 686b43e2a2333af42aa92d8aa6ea187f,
        type: 3}
      propertyPath: m_LocalRotation.z
      value: -0
      objectReference: {fileID: 0}
    - target: {fileID: 3250702357241280510, guid: 686b43e2a2333af42aa92d8aa6ea187f,
        type: 3}
      propertyPath: m_LocalRotation.w
      value: 1
      objectReference: {fileID: 0}
    - target: {fileID: 3250702357241280510, guid: 686b43e2a2333af42aa92d8aa6ea187f,
        type: 3}
      propertyPath: m_RootOrder
      value: 3
      objectReference: {fileID: 0}
    - target: {fileID: 3250702357241280510, guid: 686b43e2a2333af42aa92d8aa6ea187f,
        type: 3}
      propertyPath: m_LocalEulerAnglesHint.x
      value: 0
      objectReference: {fileID: 0}
    - target: {fileID: 3250702357241280510, guid: 686b43e2a2333af42aa92d8aa6ea187f,
        type: 3}
      propertyPath: m_LocalEulerAnglesHint.y
      value: 0
      objectReference: {fileID: 0}
    - target: {fileID: 3250702357241280510, guid: 686b43e2a2333af42aa92d8aa6ea187f,
        type: 3}
      propertyPath: m_LocalEulerAnglesHint.z
      value: 0
      objectReference: {fileID: 0}
    - target: {fileID: 5240751663591378465, guid: 686b43e2a2333af42aa92d8aa6ea187f,
        type: 3}
      propertyPath: startBroken
      value: 0
      objectReference: {fileID: 0}
    m_RemovedComponents: []
  m_SourcePrefab: {fileID: 100100000, guid: 686b43e2a2333af42aa92d8aa6ea187f, type: 3}
--- !u!4 &3577294951492137599 stripped
Transform:
  m_CorrespondingSourceObject: {fileID: 3250702357241280510, guid: 686b43e2a2333af42aa92d8aa6ea187f,
    type: 3}
  m_PrefabInstance: {fileID: 2069908001071334785}
  m_PrefabAsset: {fileID: 0}
--- !u!1001 &2069908001945016283
PrefabInstance:
  m_ObjectHideFlags: 0
  serializedVersion: 2
  m_Modification:
    m_TransformParent: {fileID: 2069908000820792194}
    m_Modifications:
    - target: {fileID: 532868020811613614, guid: 88be23b1800a66344a01ab8189a21b2f,
        type: 3}
      propertyPath: m_LocalPosition.x
      value: 0.28
      objectReference: {fileID: 0}
    - target: {fileID: 532868020811613614, guid: 88be23b1800a66344a01ab8189a21b2f,
        type: 3}
      propertyPath: m_LocalPosition.y
      value: -4.07
      objectReference: {fileID: 0}
    - target: {fileID: 532868020811613614, guid: 88be23b1800a66344a01ab8189a21b2f,
        type: 3}
      propertyPath: m_LocalPosition.z
      value: 0
      objectReference: {fileID: 0}
    - target: {fileID: 532868020811613614, guid: 88be23b1800a66344a01ab8189a21b2f,
        type: 3}
      propertyPath: m_LocalRotation.x
      value: -0
      objectReference: {fileID: 0}
    - target: {fileID: 532868020811613614, guid: 88be23b1800a66344a01ab8189a21b2f,
        type: 3}
      propertyPath: m_LocalRotation.y
      value: -0
      objectReference: {fileID: 0}
    - target: {fileID: 532868020811613614, guid: 88be23b1800a66344a01ab8189a21b2f,
        type: 3}
      propertyPath: m_LocalRotation.z
      value: -0
      objectReference: {fileID: 0}
    - target: {fileID: 532868020811613614, guid: 88be23b1800a66344a01ab8189a21b2f,
        type: 3}
      propertyPath: m_LocalRotation.w
      value: 1
      objectReference: {fileID: 0}
    - target: {fileID: 532868020811613614, guid: 88be23b1800a66344a01ab8189a21b2f,
        type: 3}
      propertyPath: m_RootOrder
      value: 2
      objectReference: {fileID: 0}
    - target: {fileID: 532868020811613614, guid: 88be23b1800a66344a01ab8189a21b2f,
        type: 3}
      propertyPath: m_LocalEulerAnglesHint.x
      value: 0
      objectReference: {fileID: 0}
    - target: {fileID: 532868020811613614, guid: 88be23b1800a66344a01ab8189a21b2f,
        type: 3}
      propertyPath: m_LocalEulerAnglesHint.y
      value: 0
      objectReference: {fileID: 0}
    - target: {fileID: 532868020811613614, guid: 88be23b1800a66344a01ab8189a21b2f,
        type: 3}
      propertyPath: m_LocalEulerAnglesHint.z
      value: 0
      objectReference: {fileID: 0}
    - target: {fileID: 1560835545053707920, guid: 88be23b1800a66344a01ab8189a21b2f,
        type: 3}
      propertyPath: m_Name
      value: block_2
      objectReference: {fileID: 0}
    - target: {fileID: 8753198363691172399, guid: 88be23b1800a66344a01ab8189a21b2f,
        type: 3}
      propertyPath: startBroken
      value: 1
      objectReference: {fileID: 0}
    m_RemovedComponents: []
  m_SourcePrefab: {fileID: 100100000, guid: 88be23b1800a66344a01ab8189a21b2f, type: 3}
--- !u!4 &2007737885327856245 stripped
Transform:
  m_CorrespondingSourceObject: {fileID: 532868020811613614, guid: 88be23b1800a66344a01ab8189a21b2f,
    type: 3}
  m_PrefabInstance: {fileID: 2069908001945016283}
  m_PrefabAsset: {fileID: 0}
--- !u!1001 &2069908002064639171
PrefabInstance:
  m_ObjectHideFlags: 0
  serializedVersion: 2
  m_Modification:
    m_TransformParent: {fileID: 2069908000820792194}
    m_Modifications:
    - target: {fileID: 3026377875299838938, guid: 3a53ffe3774cc4443ac26823b61fbf23,
        type: 3}
      propertyPath: actionControllerL
      value: 
      objectReference: {fileID: 0}
    - target: {fileID: 3026377875299838938, guid: 3a53ffe3774cc4443ac26823b61fbf23,
        type: 3}
      propertyPath: actionControllerR
      value: 
      objectReference: {fileID: 0}
    - target: {fileID: 4474656933982177252, guid: 3a53ffe3774cc4443ac26823b61fbf23,
        type: 3}
      propertyPath: m_Name
      value: PacoCharacter
      objectReference: {fileID: 0}
    - target: {fileID: 4474656933982177257, guid: 3a53ffe3774cc4443ac26823b61fbf23,
        type: 3}
      propertyPath: m_LocalPosition.x
      value: -2.45
      objectReference: {fileID: 0}
    - target: {fileID: 4474656933982177257, guid: 3a53ffe3774cc4443ac26823b61fbf23,
        type: 3}
      propertyPath: m_LocalPosition.y
      value: -1.75
      objectReference: {fileID: 0}
    - target: {fileID: 4474656933982177257, guid: 3a53ffe3774cc4443ac26823b61fbf23,
        type: 3}
      propertyPath: m_LocalPosition.z
      value: 0
      objectReference: {fileID: 0}
    - target: {fileID: 4474656933982177257, guid: 3a53ffe3774cc4443ac26823b61fbf23,
        type: 3}
      propertyPath: m_LocalRotation.x
      value: -0
      objectReference: {fileID: 0}
    - target: {fileID: 4474656933982177257, guid: 3a53ffe3774cc4443ac26823b61fbf23,
        type: 3}
      propertyPath: m_LocalRotation.y
      value: -0
      objectReference: {fileID: 0}
    - target: {fileID: 4474656933982177257, guid: 3a53ffe3774cc4443ac26823b61fbf23,
        type: 3}
      propertyPath: m_LocalRotation.z
      value: -0
      objectReference: {fileID: 0}
    - target: {fileID: 4474656933982177257, guid: 3a53ffe3774cc4443ac26823b61fbf23,
        type: 3}
      propertyPath: m_LocalRotation.w
      value: 1
      objectReference: {fileID: 0}
    - target: {fileID: 4474656933982177257, guid: 3a53ffe3774cc4443ac26823b61fbf23,
        type: 3}
      propertyPath: m_RootOrder
      value: 1
      objectReference: {fileID: 0}
    - target: {fileID: 4474656933982177257, guid: 3a53ffe3774cc4443ac26823b61fbf23,
        type: 3}
      propertyPath: m_LocalEulerAnglesHint.x
      value: 0
      objectReference: {fileID: 0}
    - target: {fileID: 4474656933982177257, guid: 3a53ffe3774cc4443ac26823b61fbf23,
        type: 3}
      propertyPath: m_LocalEulerAnglesHint.y
      value: 0
      objectReference: {fileID: 0}
    - target: {fileID: 4474656933982177257, guid: 3a53ffe3774cc4443ac26823b61fbf23,
        type: 3}
      propertyPath: m_LocalEulerAnglesHint.z
      value: 0
      objectReference: {fileID: 0}
    m_RemovedComponents: []
  m_SourcePrefab: {fileID: 100100000, guid: 3a53ffe3774cc4443ac26823b61fbf23, type: 3}
--- !u!4 &2495247744767238954 stripped
Transform:
  m_CorrespondingSourceObject: {fileID: 4474656933982177257, guid: 3a53ffe3774cc4443ac26823b61fbf23,
    type: 3}
  m_PrefabInstance: {fileID: 2069908002064639171}
  m_PrefabAsset: {fileID: 0}
